<?xml version="1.0" encoding="utf-8"?>
<record xmlns="http://www.loc.gov/MARC21/slim" xmlns:xsi="http://www.w3.org/2001/XMLSchema-instance" xsi:schemaLocation="http://www.loc.gov/MARC21/slim http://www.loc.gov/standards/marcxml/schema/MARC21slim.xsd">
	<leader>     nam a22     Mi 4500</leader>
	<controlfield tag="001">b1236485x</controlfield>
	<controlfield tag="003">LeBAU</controlfield>
	<controlfield tag="006">m        d        </controlfield>
	<controlfield tag="007">cr cn |||m|||a</controlfield>
	<controlfield tag="008">190123s1955    ua      ob    ||0 0 ara d</controlfield>
	<datafield ind1=" " ind2=" " tag="040">
		<subfield code="a">ZYU</subfield>
		<subfield code="b">ara</subfield>
		<subfield code="e">rda</subfield>
		<subfield code="c">ZYU</subfield>
	</datafield>
	<datafield ind1="1" ind2=" " tag="041">
		<subfield code="a">ara</subfield>
		<subfield code="h">eng</subfield>
	</datafield>
	<datafield ind1=" " ind2="4" tag="050">
		<subfield code="a">B802</subfield>
		<subfield code="b">.B44 1955</subfield>
	</datafield>
	<datafield ind1="0" ind2="4" tag="082">
		<subfield code="a">190</subfield>
		<subfield code="2">22</subfield>
	</datafield>
	<datafield ind1="1" ind2=" " tag="100">
		<subfield code="6">880-01</subfield>
		<subfield code="a">Becker, Carl L.</subfield>
		<subfield code="q">(Carl Lotus),</subfield>
		<subfield code="d">1873-1945,</subfield>
		<subfield code="e">author.</subfield>
	</datafield>
	<datafield ind1="1" ind2="0" tag="240">
		<subfield code="a">Heavenly City of the Eighteenth-Century Philosophers.</subfield>
		<subfield code="l">Arabic</subfield>
	</datafield>
	<datafield ind1="1" ind2="0" tag="245">
		<subfield code="6">880-02</subfield>
		<subfield code="a">al-Madīnah al-fāḍilah ʻinda falāsifat al-qarn al-thāmin ʻashar /</subfield>
		<subfield code="c">ta’līf Kārl L. Bīkir ; tarjamat Muḥammad Shafīq Ghurbāl.</subfield>
	</datafield>
	<datafield ind1=" " ind2="1" tag="264">
		<subfield code="6">880-03</subfield>
		<subfield code="a">al-Qāhirah :</subfield>
		<subfield code="b">Maktabat al-Anjlū al-Miṣrīyah,</subfield>
		<subfield code="c">1955.</subfield>
	</datafield>
	<datafield ind1=" " ind2=" " tag="300">
		<subfield code="6">880-04</subfield>
		<subfield code="a">online resource (262 pages)</subfield>
	</datafield>
	<datafield ind1=" " ind2=" " tag="336">
		<subfield code="a">text</subfield>
		<subfield code="2">rdacontent</subfield>
	</datafield>
	<datafield ind1=" " ind2=" " tag="337">
		<subfield code="a">computer</subfield>
		<subfield code="2">rdamedia</subfield>
	</datafield>
	<datafield ind1=" " ind2=" " tag="338">
		<subfield code="a">online resource</subfield>
		<subfield code="2">rdacarrier</subfield>
	</datafield>
	<datafield ind1=" " ind2=" " tag="500">
		<subfield code="a">Part of the Arabic Collections Online (ACO) project, contributed by American University of Beirut's Jafet Memorial Library.</subfield>
	</datafield>
	<datafield ind1=" " ind2=" " tag="533">
		<subfield code="a">Electronic reproduction.</subfield>
		<subfield code="b">New York, N.Y. :</subfield>
		<subfield code="c">New York University,</subfield>
		<subfield code="d">2019.</subfield>
		<subfield code="5">NNU</subfield>
	</datafield>
	<datafield ind1=" " ind2="0" tag="650">
		<subfield code="6">880-05</subfield>
		<subfield code="a">Philosophy, Modern</subfield>
		<subfield code="y">18th century.</subfield>
	</datafield>
	<datafield ind1=" " ind2="0" tag="650">
		<subfield code="6">880-06</subfield>
		<subfield code="a">Philosophy and religion</subfield>
		<subfield code="x">History</subfield>
		<subfield code="y">18th century.</subfield>
	</datafield>
	<datafield ind1=" " ind2="0" tag="650">
		<subfield code="6">880-07</subfield>
		<subfield code="a">History</subfield>
		<subfield code="x">Philosophy</subfield>
		<subfield code="x">History</subfield>
		<subfield code="y">18th century.</subfield>
	</datafield>
	<datafield ind1="1" ind2=" " tag="700">
		<subfield code="6">880-08</subfield>
		<subfield code="a">Ghurbāl, Muḥammad Shafīq,</subfield>
		<subfield code="d">1894-1961,</subfield>
		<subfield code="e">translator.</subfield>
	</datafield>
	<datafield ind1="2" ind2=" " tag="710">
		<subfield code="a">Jafet Memorial Library.</subfield>
	</datafield>
	<datafield ind1="0" ind2=" " tag="730">
		<subfield code="a">Arabic Collections Online.</subfield>
	</datafield>
	<datafield ind1="0" ind2=" " tag="765">
		<subfield code="6">880-09</subfield>
		<subfield code="i">is translation of</subfield>
		<subfield code="4">http://rdaregistry.info/Elements/e/P20141:</subfield>
		<subfield code="t">The Heavenly City of the Eighteenth-Century Philosophers.</subfield>
		<subfield code="d">New Haven, Conn. : Yale University Press, 1932</subfield>
		<subfield code="w">OCoLC(00260775)</subfield>
		<subfield code="w">OCoLC(00260775)</subfield>
	</datafield>
	<datafield ind1="0" ind2=" " tag="775">
		<subfield code="6">880-10</subfield>
		<subfield code="i">has designation of edition</subfield>
		<subfield code="4">http://rdaregistry.info/Elements/m/P30133:</subfield>
		<subfield code="t">al-Madīnah al-fāḍilah ʻinda falāsifat al-qarn al-thāmin ʻashar.</subfield>
		<subfield code="b">al-Ṭabʻah al-tāsiʻah.</subfield>
		<subfield code="d">al-Qāhirah : Maktabat al-Anjlū al-Miṣrīyah, 1952</subfield>
		<subfield code="w">(OCoLC)936117287</subfield>
		<subfield code="w">(OCoLC)936117287</subfield>
	</datafield>
	<datafield ind1="0" ind2="8" tag="776">
		<subfield code="i">Print version:</subfield>
		<subfield code="a">Becker, Carl L. (Carl Lotus), 1873-1945, author.</subfield>
		<subfield code="t">al-Madīnah al-fāḍilah ʻinda falāsifat al-qarn al-thāmin ʻashar</subfield>
		<subfield code="w">(LeBAU)b1236485x</subfield>
	</datafield>
	<datafield ind1="4" ind2="0" tag="856">
		<subfield code="u">http://hdl.handle.net/2333.1/8cz8whqp</subfield>
	</datafield>
	<datafield ind1="1" ind2=" " tag="880">
		<subfield code="6">100-01</subfield>
		<subfield code="a">بيكر، كارل ل.</subfield>
		<subfield code="q">(كارل لوتس)،</subfield>
		<subfield code="d">1873-1945،</subfield>
		<subfield code="e">مؤلف.</subfield>
		<subfield code="4">aut.</subfield>
	</datafield>
	<datafield ind1="1" ind2="3" tag="880">
		<subfield code="6">245-02</subfield>
		<subfield code="a">المدينة الفاضلة عند فلاسفة القرن الثامن عشر /</subfield>
		<subfield code="c">تأليف كارل ل. بيكر ؛ ترجمة محمد شفيق غربال.</subfield>
	</datafield>
	<datafield ind1=" " ind2="1" tag="880">
		<subfield code="6">264-03</subfield>
		<subfield code="a">القاهرة :</subfield>
		<subfield code="b">مكتبة الأنجلو المصرية،</subfield>
		<subfield code="c">1955.</subfield>
	</datafield>
	<datafield ind1=" " ind2=" " tag="880">
		<subfield code="6">300-04</subfield>
		<subfield code="a">262 صفحة ؛</subfield>
		<subfield code="c">20 سم</subfield>
	</datafield>
	<datafield ind1=" " ind2=" " tag="880">
		<subfield code="6">500-00</subfield>
		<subfield code="a">&quot;نشر هذا الكتاب بالإشتراك مع مؤسسة فرانكلين للطباعة والنشر&quot;--الصفحة المواجهة لصفحة العنوان.</subfield>
	</datafield>
	<datafield ind1=" " ind2=" " tag="880">
		<subfield code="6">504-00</subfield>
		<subfield code="a">يتضمن مراجع ببليوغرافية.</subfield>
	</datafield>
	<datafield ind1=" " ind2="4" tag="880">
		<subfield code="6">650-05</subfield>
		<subfield code="a">الفلسفة الحديثة</subfield>
		<subfield code="y">القرن الثامن عشر.</subfield>
	</datafield>
	<datafield ind1=" " ind2="4" tag="880">
		<subfield code="6">650-06</subfield>
		<subfield code="a">الفلسفة والدين</subfield>
		<subfield code="x">تاريخ</subfield>
		<subfield code="y">القرن الثامن عشر.</subfield>
	</datafield>
	<datafield ind1=" " ind2="4" tag="880">
		<subfield code="6">650-07</subfield>
		<subfield code="a">التاريخ</subfield>
		<subfield code="x">فلسفة</subfield>
		<subfield code="x">تاريخ</subfield>
		<subfield code="y">القرن الثامن عشر.</subfield>
	</datafield>
	<datafield ind1="1" ind2=" " tag="880">
		<subfield code="6">700-08</subfield>
		<subfield code="a">غربال، محمد شفيق،</subfield>
		<subfield code="d">1894-1961،</subfield>
		<subfield code="e">مترجم.</subfield>
		<subfield code="4">trl.</subfield>
	</datafield>
	<datafield ind1="0" ind2=" " tag="880">
		<subfield code="6">765-09</subfield>
		<subfield code="i">ترجمة كتاب</subfield>
		<subfield code="4">http://rdaregistry.info/Elements/e/P20141:</subfield>
		<subfield code="t">The Heavenly City of the Eighteenth-Century Philosophers.</subfield>
		<subfield code="d">New Haven, Conn. : Yale University Press, 1932</subfield>
		<subfield code="w">b10883885</subfield>
		<subfield code="w">OCoLC(00260775)</subfield>
	</datafield>
	<datafield ind1="0" ind2=" " tag="880">
		<subfield code="6">775-10</subfield>
		<subfield code="i">دلالة على الطبعة</subfield>
		<subfield code="4">http://rdaregistry.info/Elements/m/P30133:</subfield>
		<subfield code="t">المدينة الفاضلة عند فلاسفة القرن الثامن عشر.</subfield>
		<subfield code="b">الطبعة التاسعة.</subfield>
		<subfield code="d">القاهرة : مكتبة الأنجلو المصرية، 1952</subfield>
		<subfield code="w">b18270761</subfield>
		<subfield code="w">(OCoLC)936117287</subfield>
	</datafield>
	<datafield ind1=" " ind2=" " tag="959">
		<subfield code="a">NNU</subfield>
		<subfield code="b">WEB</subfield>
		<subfield code="c">GENI</subfield>
		<subfield code="t">0</subfield>
		<subfield code="m">Electronic access</subfield>
		<subfield code="s">01</subfield>
	</datafield>
	<datafield ind1=" " ind2=" " tag="999">
		<subfield code="i">LeBAU_b1236485x</subfield>
		<subfield code="s">aub_aco002219</subfield>
		<subfield code="e">(ERROR-880)(ERROR-MISC)</subfield>
		<subfield code="s">aub_aco002219</subfield>
	</datafield>
</record>
